<?xml version="1.0" encoding="UTF-8"?><collection xmlns="http://www.loc.gov/MARC21/slim"><record><leader>00600nam--2200181-i-4500</leader><controlfield tag="001">000036851</controlfield><controlfield tag="002">20161230</controlfield><controlfield tag="005">20161230201041</controlfield><controlfield tag="008">060222s1000------------r-----000-0-fre-d</controlfield><datafield ind1=" " ind2=" " tag="040"><subfield code="a">IFIN-HH</subfield></datafield><datafield ind1=" " ind2=" " tag="041"><subfield code="a">fre</subfield></datafield><datafield ind1=" " ind2=" " tag="080"><subfield code="a">539.1.073:539.172.5(043)</subfield></datafield><datafield ind1="1" ind2=" " tag="100"><subfield code="a">Poinsignon, Jean</subfield></datafield><datafield ind1="1" ind2="0" tag="245"><subfield code="a">Realisation d`un systeme de declenchement sur une masse manquante au neutron donnee pour l`etude de la reaction pi p a n xe (1430mev/c)</subfield><subfield code="b">These</subfield><subfield code="c">Jean poinsignon</subfield></datafield><datafield ind1=" " ind2=" " tag="260"><subfield code="a">Paris</subfield><subfield code="b">Universite De Paris</subfield><subfield code="c">1976</subfield></datafield><datafield ind1=" " ind2=" " tag="300"><subfield code="a">54P.+ 30 FIG</subfield></datafield><datafield ind1=" " ind2=" " tag="852"><subfield code="a">44846</subfield><subfield code="c">539.1.07:539.1.08</subfield></datafield><datafield ind1=" " ind2=" " tag="CAT"><subfield code="a">Sys</subfield><subfield code="c">20111026</subfield><subfield code="h">155529</subfield></datafield></record></collection>